<?xml version="1.0" encoding="UTF-8"?><collection xmlns="http://www.loc.gov/MARC21/slim"><record><leader>00628nam--2200181-i-4500</leader><controlfield tag="001">000001608</controlfield><controlfield tag="002">20161230</controlfield><controlfield tag="005">20161230201024</controlfield><controlfield tag="008">060222s1000------------r-----000-0-eng-d</controlfield><datafield ind1=" " ind2=" " tag="020"><subfield code="a">0720442575</subfield></datafield><datafield ind1=" " ind2=" " tag="080"><subfield code="a">537.533.35:577.3</subfield></datafield><datafield ind1="1" ind2=" " tag="100"><subfield code="a">Glauert, Audrey M</subfield></datafield><datafield ind1="1" ind2="0" tag="245"><subfield code="a">Practical methods in electron microscopy</subfield><subfield code="b">Volume 3 part i fixation, dehydration and embedding of biological specimens</subfield><subfield code="c">Audrey m. glauert</subfield></datafield><datafield ind1=" " ind2=" " tag="260"><subfield code="a">Amsterdam</subfield><subfield code="b">North-holland Publishing Company</subfield><subfield code="c">1975</subfield></datafield><datafield ind1=" " ind2=" " tag="300"><subfield code="a">IX + 207 P</subfield></datafield><datafield ind1=" " ind2=" " tag="490"><subfield code="a">Practical Methods In Electron Microscopy</subfield><subfield code="v">Volume 3</subfield></datafield><datafield ind1=" " ind2=" " tag="852"><subfield code="a">40937</subfield><subfield code="c">537.533.35</subfield></datafield><datafield ind1=" " ind2=" " tag="CAT"><subfield code="a">Sys</subfield><subfield code="c">20110912</subfield><subfield code="h">144633</subfield></datafield></record></collection>